% Encoding: windows-1252

@Electronic{fraunhoferIISEAS,
	month        = jun,
	organization = {Fraunhofer-Institut fuer Integrierte Schaltungen IIS, Institutsteil Entwicklung Adaptiver Systeme EAS},
	title        = {Home page Fraunhofer IIS/EAS},
	url          = {https://www.eas.iis.fraunhofer.de/},
	year         = {2022},
}

@ARTICLE{FLMR95ijc,
  author = {Fliess, M. and L\'evine, J. and Martin, Ph. and Rouchon, P.},
  title = {Flatness and defect of non-linear systems: introductory theory and
	examples},
  journal = {International Journal of Control},
  year = {1995},
  volume = {61},
  pages = {1327--1361},
  number = {6},
  file = {FLMR95ijc.pdf},
  owner = {knueppel},
  timestamp = {2013.06.06}
}

@BOOK{Mik57de,
  title = {Operatorenrechnung},
  publisher = {{V}{E}{B} Deutscher Verlag der Wissenschaften},
  year = {1957},
  author = {Mikusi{\'n}ski, J.},
  address = {Berlin},
  owner = {knueppel},
  timestamp = {2013.06.06}
}

@BOOK{MittelbachGoosens05,
  title = {Der \LaTeX-Begleiter},
  publisher = {Pearson Studium},
  year = {2005},
  author = {Frank Mittelbach and Michel Goosens},
  edition = {2.},
  owner = {knueppel},
  timestamp = {2013.06.06}
}

@PhdThesis{DissKnoll,
  author  = {Carsten Knoll},
  school  = {TU Dresden},
  title   = {Regelungstheoretische Analyse- und Entwurfsansaetze fuer unteraktuierte mechanische Systeme},
  year    = {2016},
  comment = {[url_tag]},
  url     = {https://nbn-resolving.org/urn:nbn:de:bsz:14-qucosa-209765},
}

@Electronic{symbtools,
  month   = jun,
  title   = {symbtools GitHub Repository},
  url     = {https://github.com/TUD-RST/symbtools},
  year    = {2022},
  comment = {[url_tag]},
}

@Book{Lagrange,
  author    = {Flie{\ss}bach, Torsten},
  publisher = {Spektrum Akademischer Verlag},
  title     = {Mechanik : Lehrbuch zur Theoretischen Physik I},
  year      = {2009},
  doi       = {https://doi.org/10.1007/978-3-8274-2188-3_8},
}

@Article{VirtualWork,
  author    = {Torby, Bruce},
  journal   = {Advanced Dynamics for Engineers},
  title     = {Energy Methods},
  year      = {1984},
  publisher = {CBS College Publishing},
}

@Book{NLRT_Roebenack,
  author    = {Klaus R{\"o}benack},
  publisher = {Springer Vieweg Berlin, Heidelberg},
  title     = {Nichtlineare Regelungssysteme},
  year      = {2017},
  comment   = {Nichtlineare Regelungssysteme},
  doi       = {https://doi.org/10.1007/978-3-662-44091-9},
}







@Article{Hagenmeyer2003,
  author    = {Veit Hagenmeyer and Emmanuel Delaleau},
  journal   = {International Journal of Control},
  title     = {Exact feedforward linearization based on differential flatness},
  year      = {2003},
  number    = {6},
  pages     = {537-556},
  volume    = {76},
  doi       = {10.1080/0020717031000089570},
  eprint    = {https://doi.org/10.1080/0020717031000089570},
  publisher = {Taylor & Francis},
  url       = {https://doi.org/10.1080/0020717031000089570},
}

@Comment{jabref-meta: databaseType:bibtex;}
